@article{internetHistory,
	month = {2},
	number = {2},
	author  = {Barry M. Leiner and Vinton G. Cerf and David D. Clark and Robert E. Kahn and Leonard Kleinrock and Daniel C. Lynch and Jon Postel and Lawrence G. Roberts and Stephen S. Wolff}, 
	Numpages = {7},
	Title = {The Past and future History of the Internet},
	journal = {COMMUNICATIONS OF THE ACM},
	Volume = {40},
	Url = {http://bnrg.eecs.berkeley.edu/~randy/Courses/CS294.S13/1.1x.pdf},
	year = {1997}
}

@article{mappingServicesToActivities,
	month = {4},
	author  = {Yingchao Zhang and Zhiping Jiang and Xiaohao Yu and Xiaoqiang Song}, 
	Numpages = {2},
	Title = {Mapping Services to Activities in Service Oriented Architecture (SOA) Design: A
Simulation-driven Optimizing Method Based on DODAF2.0},
	journal = {8th International Symposium on Service Oriented System Engineering},
	Volume = {40},
	Url = {https://ieeexplore.ieee.org/stamp/stamp.jsp?tp=&arnumber=6830899},
	year = {2014}
}

@article{soaPetroleum,
	month = {6},
	author  = {ChangSheng Zhu and ManMan Chai and YuFeng Lu and YiDong Guo}, 
	Numpages = {4},
	Title = {Service Oriented Architecture Design of Energy Consumption
Information System about Petroleum Enterprise },
	journal = {International Conference on Computational and Information Sciences},
	Url = {https://ieeexplore.ieee.org/stamp/stamp.jsp?tp=&arnumber=6643228},
	year = {2013}
}

	
@online{uberStatistics,
  author = {Todd W. Schneider},
  title = {Taxi, Uber, and Lyft Usage in New York City},
  year = 2018,
  url = {http://toddwschneider.com/posts/taxi-uber-lyft-usage-new-york-city/},
  urldate = {2019-01-31}
}

@online{uberMillenials,
  author = {Myelle Lansat},
  title = {Here's how much millennials spend on Uber and Lyft in major US cities every month},
  year = 2018,
  url = {https://www.businessinsider.com/millennials-spending-uber-lyft-major-cities-2018-7},
  urldate = {2019-01-31}
}

@online{whyUberStartedUberEats,
  author = {Biz Carson},
  title = {Why Uber started Uber Eats},
  year = 2016,
  url = {https://www.businessinsider.com/why-uber-launched-uber-eats-2016-3},
  urldate = {2019-01-31}
}

@book{introductionToECommerce,
  author    = {Amir Manzoor}, 
  title     = {E-Commerce: An Introduction },
  publisher = {Lambert - Academic Publishing},
  year      = 2010,
  isbn      = {978-3843370301}
}

@online{amazonHistory,
  author = {Avery Hartmans},
  title = {The early history of Jeff Bezos and Amazon},
  year = 2018,
  url = {https://www.businessinsider.com/jeff-bezos-amazon-history-facts-2017-4},
  urldate = {2019-02-03}
}

@online{percentageMobileTraffic,
  author = {statista.com},
  title = {Percentage of all global web pages served to mobile phones from 2009 to 2018},
  year = 2018,
  url = {https://www.statista.com/statistics/241462/global-mobile-phone-website-traffic-share/},
  urldate = {2019-02-04}
}

@online{observadorUberEatsComparison,
  author = {Manuel Pestana Machado},
  title = {Qual o melhor serviço de entrega de comida? Pusemos o UberEATS à prova contra os concorrentes},
  year = 2018,
  url = {https://observador.pt/especiais/qual-o-melhor-servico-de-entrega-de-comida-pusemos-o-ubereats-a-prova-contra-os-concorrentes/},
  urldate = {2019-02-04}
}

@online{cqrsSimpleArchitecture,
  author = {Mateusz Stasch},
  title = {CQRS – Simple architecture},
  year = 2015,
  url = {https://www.future-processing.pl/blog/cqrs-simple-architecture/},
  urldate = {2019-02-07}
}

@online{clarifiedCqrs,
  author = {Udi Dahan},
  title = {Clarified CQRS},
  year = 2009,
  url = {http://udidahan.com/2009/12/09/clarified-cqrs/},
  urldate = {2019-02-07}
}

@online{cqrs,
  author = {Martin Fowler},
  title = {CQRS},
  year = 2011,
  url = {https://martinfowler.com/bliki/CQRS.html},
  urldate = {2019-02-07}
}

@online{microsoftCqrs,
  author = "Masashi Narumoto, et al",
  title = {Command and Query Responsibility Segregation (CQRS) pattern},
  year = 2017,
  url = {https://docs.microsoft.com/en-us/azure/architecture/patterns/cqrs},
  urldate = {2019-02-07}
}

@online{whatIsDotNet,
  author = "Microsoft",
  title = {What is .NET?},
  url = {https://dotnet.microsoft.com/learn/dotnet/what-is-dotnet},
  urldate = {2019-02-07}
}

@online{springFramework,
  author = "Pivotal",
  title = {Spring Framework},
  url = {http://spring.io/projects/spring-framework},
  urldate = {2019-02-08}
}

@online{whatIsTheJVM,
  author = {Matthew Tyson},
  title = {What is the JVM? Introducing the Java virtual machine},
  year = 2018,
  url = {https://www.javaworld.com/article/3272244/core-java/what-is-the-jvm-introducing-the-java-virtual-machine.html},
  urldate = {2019-02-08}
}

@online{soaIBM,
  author = {IBM},
  title = {Service-oriented architecture (SOA)},
  url = {https://www.ibm.com/support/knowledgecenter/en/SSMQ79_9.5.1/com.ibm.egl.pg.doc/topics/pegl_serv_overview.html},
  urldate = {2019-02-08}
}

@book{valueAnalysisAndEngineering,
  author    = {Lawrence D. Miles}, 
  title     = {Techniques of Value Analysis and Engineering},
  publisher = {Lawrence D. Miles Value Foundation},
  year      = 2015,
  isbn      = {9780070419261}
}

@article{managingFrontEndInnovation,
	month = {3},
	author  = {Peter A. Koen and Heidi M. J. Bertels and Elko Kleinschmidt}, 
	Numpages = {10},
	Title = {Managing the Front End of Innovation—Part I},
	journal = {Research-Technology Management},
	Url = {http://frontendinnovation.com/media/default/pdfs/fei-article-1.pdf},
	year = {2014}
}

@article{managingFrontEndInnovation2,
	month = {5},
	author  = {Peter A. Koen and Heidi M. J. Bertels and Elko Kleinschmidt}, 
	Numpages = {11},
	Title = {Managing the Front End of Innovation—Part II},
	journal = {Research-Technology Management},
	Url = {http://frontendinnovation.com/media/default/pdfs/fei-article-2.pdf},
	year = {2014}
}

@article{fuzzyFrontEndMethodsToolsThecniques,
	month = {5},
	author  = {Peter A. Koen and Greg M. Ajamian and Scott Boyce, Allen Clamen and Eden Fisher and Stavros Fountoulakis and Albert Johnson and Pushpinder Puri and Rebecca Seibert}, 
	Numpages = {32},
	Title = {Fuzzy Front End: Effective Methods, Tools, and Techniques},
	journal = {The PDMA ToolBook for New Product Development},
	Url = {http://www.stevens-tech.edu/cce/NEW/PDFs/FuzzyFrontEnd_Old.pdf},
	year = {2002}
}

@article{commonLanguageForFFE,
	month = {3},
	author  = {Peter A. Koen and Greg Ajamian and Robert Burkart and Allen Clamen and Jeffrey Davidson and Robb D’Amore and Claudia Elkins and Kathy Herald and Michael Incorvia and Albert Johnson and Robin Karol and Rebecca Seibert and Aleksandar Slavejkov and Klaus Wagner}, 
	Numpages = {10},
	Title = {Providing Clarity and a Common Language to the “Fuzzy Front End”},
	journal = {Research - Technology Management},
	Url = {http://www.stevens-tech.edu/cce/NEW/PDFs/Clarity_FEE.pdf},
	year = {2001}
}

@article{conceptualisingValueForTheCustomer,
	month = {12},
	author  = {Tony Woodall}, 
	Numpages = {45},
	Title = {Conceptualising 'Value for the Customer': An Attributional, Structural and Dispositional Analysis},
	journal = {Academy of Marketing Science Review},
	Url = {https://cdn.ymaws.com/www.ams-web.org/resource/resmgr/original_amsr/woodall12-2003.pdf},
	year = {2003}
}

@article{relationshipValueAndRelationshipQuality,
	month = {12},
	author  = {Wolfgang Ulaga and Andreas Eggert}, 
	Numpages = {45},
	Title = {Relationship value and relationship quality: Broadening the nomological network of business-to-business relationships},
	journal = {European Journal of Marketing},
	Url = {https://s3.amazonaws.com/academia.edu.documents/40705690/Ulaga___Eggert_RS_Value___Quality_EJM_2006.pdf?AWSAccessKeyId=AKIAIWOWYYGZ2Y53UL3A&Expires=1549840502&Signature=L\%2FJNLRhrebj4PmP3SqI80TKBeRA\%3D&response-content-disposition=inline\%3B\%20filename\%3DRelationship_value_and_relationship_qual.pdf},
	year = {2004}
}

@article{weAreWhatWeBuy,
	month = {3},
	author  = {Wolfgang Ulaga and Andreas Eggert}, 
	Numpages = {7},
	Title = {Why We Buy What We Buy: A Theory of Consumption Values},
	journal = {Journal of Business Research},
	Url = {https://www.researchgate.net/publication/4965989_Why_We_Buy_What_We_Buy_A_Theory_of_Consumption_Values},
	year = {1991}
}

@article{perceivedValue,
	month = {8},
	year = {1999},
	author  = {John C. Groth and Richard Dye}, 
	Numpages = {12},
	Title = {Service quality: Perceived value, expectations, shortfalls, and bonuses},
	journal = {Journal of Service Theory and Practice},
	Volume = {9},
	Url = {https://www.researchgate.net/publication/240257672_Service_quality_Perceived_value_expectations_shortfalls_and_bonuses}
}

@article{valuePropositionStakeholders,
	month = {8},
	year = {2011},
	author  = {Pennie Frow and Adrian Payne}, 
	Numpages = {18},
	Title = {A stakeholder perspective of the
value proposition concept},
	journal = {European Journal of Marketing},
	Volume = {15},
	Url = {https://www.researchgate.net/publication/240257672_Service_quality_Perceived_value_expectations_shortfalls_and_bonuses}
}

@article{valuePropositionBusinessMarkets,
	month = {3},
	year = {2006},
	author  = {James C. Anderson and James A. Narus and Wouter van Rossum}, 
	Numpages = {12},
	Title = {Customer Value Propositions in Business Markets},
	journal = {Harvard Business Review},
	Url = {https://fenix.tecnico.ulisboa.pt/downloadFile/1407993358860263/HBR-value-propositions[1].pdf}
}

@article{qef,
title = "Quality evaluation framework (QEF) : modeling and evaluating quality of business processes",
author = "F. Heidari and P. Loucopoulos",
year = "2014",
doi = "10.1016/j.accinf.2013.09.002",
language = "English",
volume = "15",
pages = "193--223",
journal = "International Journal of Accounting Information Systems",
issn = "1467-0895",
publisher = "Elsevier",
number = "3",
}

@online{microservicesProsAndCons,
  author = {David Hubbell},
  title = {Top 4 Pros and Cons of Microservices Architecture},
  url = {https://www.spkaa.com/blog/top-4-pros-cons-microservices-architecture/},
  urldate = {2019-02-14}
}

@book{evaluatingSoftwareArchitectures,
  author    = {Paul Clements and Rick Kazman and Mark Klein}, 
  title     = {Evaluating Software Architectures: Methods and Case Studies},
  publisher = {Addison-Wesley Professional},
  year      = 2001,
  url       = {http://catalogue.pearsoned.co.uk/samplechapter/020170482X.pdf},
  isbn      = {978-0201704822}
}

@article{scenarioBasedArchEvaluation,
title = "Scenario-Based Software Architecture Evaluation Methods: An Overview ",
author = "Mugurel T. Ionita and  Dieter K. Hammer and Henk Obbink",
year = "2005",
doi = "10.1109/APSEC.2004.38",
language = "English",
journal = "11th Asia-Pacific Software Engineering Conference",
issn = " 1530-1362",
publisher = "IEEE",
number = "3",
url = {https://www.win.tue.nl/oas/architecting/aimes/papers/Scenario-Based\%20SWA\%20Evaluation\%20Methods.pdf}
}

@online{cqrsProsAndCons,
  author = {Aayush Sharda},
  title = {Command Query Responsibility Segregation},
  url = {https://medium.com/@aayushsharda/command-query-responsibility-segregation-634922f694a7},
  urldate = {2019-02-14}
}

@article{eventDrivenArchitectureOverview,
	month = {2},
	year = {2011},
	author  = {Brenda M. Michelson}, 
	Numpages = {12},
	Title = {Event-Driven Architecture Overview},
	journal = {Elemental Links Research},
	Url = {http://elementallinks.com/el-reports/EventDrivenArchitectureOverview_ElementalLinks_Feb2011.pdf}
}

@online{martinFowlerEventSourcing,
  author = {Martin Fowler},
  year = 2005,
  title = {Event Sourcing},
  url = {https://martinfowler.com/eaaDev/EventSourcing.html},
  urldate = {2019-02-14}
}

@online{prosAndConsEventSourcing,
  author = {Gabriel Queiroz},
  year = 2017,
  title = {Vamos falar sobre Event Sourcing},
  url = {https://medium.com/@gabrielqueiroz/vamos-falar-sobre-event-sourcing-276ae66106f7},
  urldate = {2019-02-14}
}

@online{prosAndConsNetCore,
  author = {AltexSoft},
  title = {The Good and the Bad of .NET Framework Programming},
  url = {https://www.altexsoft.com/blog/engineering/the-good-and-the-bad-of-net-framework-programming/},
  urldate = {2019-02-14}
}

@online{prosAndConsJavaSpring,
  author = {DataFlair},
  year = 2018,
  title = {Advantages of Spring Framework With Limitations},
  url = {https://data-flair.training/blogs/advantages-of-spring/},
  urldate = {2019-02-16}
}

@online{whetherusingSpringOrNot,
  author = {Peter Pilgrim},
  year = 2015,
  title = {Advantages of Spring Framework With Limitations},
  url = {https://www.javacodegeeks.com/2015/12/whether-using-spring-framework-not-going-lose.html},
  urldate = {2019-02-16}
}

@online{javaSpringAdvantagesAndDisadvantages,
  author = {Aswani},
  year = 2014,
  title = {Advantages of Spring Framework With Limitations},
  url = {http://www.aksindiblog.com/spring-framework-advantages-disadvantages.html},
  urldate = {2019-02-16}
}

@online{whatIsASpringBean,
  author = {Ngueyen Nam Thai},
  year = 2018,
  title = {What is a Spring Bean},
  url = {https://www.baeldung.com/spring-bean},
  urldate = {2019-02-16}
}

@online{goodAndBadOfNode,
  author = {AltexSoft},
  year = 2018,
  title = {The Good and the Bad of Node.js Web App Development},
  url = {https://www.altexsoft.com/blog/engineering/the-good-and-the-bad-of-node-js-web-app-development/},
  urldate = {2019-02-16}
}

@online{monolithProsAndCons,
  author = {Jake Lumetta},
  year = 2018,
  title = {Monolith vs Microservices: Which is the Best Option for You?},
  url = {https://nordicapis.com/should-you-start-with-a-monolith-or-microservices/},
  urldate = {2019-02-16}
}

@online{monolithAreBadDesign,
  author = {Sam Gibson},
  year = 2015,
  title = {Monoliths are Bad Design... and You Know It},
  url = {https://www.thoughtworks.com/insights/blog/monoliths-are-bad-design-and-you-know-it},
  urldate = {2019-02-16}
}

@online{whatIsNodejs,
  author = {Priyesh Patel},
  year = 2015,
  title = {What exactly is Node.js?},
  url = {https://www.thoughtworks.com/insights/blog/monoliths-are-bad-design-and-you-know-it},
  urldate = {2019-02-17}
}

@online{whyUseNode,
  author = {Tomislav Capan},
  title = {Why The Hell Would I Use Node.js? A Case-by-Case Tutorial},
  url = {https://www.toptal.com/nodejs/why-the-hell-would-i-use-node-js},
  urldate = {2019-02-17}
}

@article{whatIsAHP,
	year = {1990},
	author  = {Thomas L. Saaty}, 
	Numpages = {18},
	Title = {How to make a decision: THe Analytic Hierarchy Process},
	journal = {European Journal of Operational Research},
	Url = {http://scholar.google.pt/scholar_url?url=https://www.researchgate.net/profile/Mohamed_Mourad_Lafifi/post/Problem_with_sub-criteria_code_for_multiple_decision_makers/attachment/59d644d679197b80779a0076/AS:450351808684035\%401484383646513/download/How\%2Bto\%2BMake\%2Ba\%2BDecision\%2BThe\%2BA\%2BH\%2BP.pdf&hl=pt-PT&sa=X&scisig=AAGBfm1SzctvCBxumEt6eNNdop54EMWjdQ&nossl=1&oi=scholarr}
}

@online{uberVsGlovo,
  author = {Nélson Costa},
  year = 2018,
  title = {Glovo vs. Uber Eats: qual a melhor opção?},
  url = {https://www.e-konomista.pt/artigo/glovo-vs-uber-eats/},
  urldate = {2019-02-24}
}

@online{codeQuality,
  author = {Richard Bellairs},
  year = 2019,
  month = 07,
  title = {What Is Code Quality? And How to Improve It},
  url = {https://www.perforce.com/blog/sca/what-code-quality-and-how-improve-it},
  urldate = {2019-08-07}
}

@online{codacy,
  author = {Codacy},
  year = 2019,
  title = {Automated code reviews \& code analytics | Codacy},
  url = {https://www.codacy.com/},
  urldate = {2019-08-10}
}

@online{codacyGrades,
  author = {Codacy},
  year = 2019,
  title = {What are the different Grades and how are they calculated?},
  url = {https://support.codacy.com/hc/en-us/articles/207994765-What-are-the-different-Grades-and-how-are-they-calculated-},
  urldate = {2019-08-10}
}

@book{codeComplete,
  author    = {Steve McConnell}, 
  title     = {Code Complete: A Practical Handbook of Software Construction},
  publisher = {Microsoft Press},
  year      = 2004,
  url       = {http://aroma.vn/web/wp-content/uploads/2016/11/code-complete-2nd-edition-v413hav.pdf},
  isbn      = {978-0735619678}
}

@book{softwareArchitecturePatterns,
  author    = {Mark Richards}, 
  title     = {Software Architecture Patterns},
  publisher = { O’Reilly Media, Inc.},
  year      = 2015,
  url       = {https://www.oreilly.com/programming/free/files/software-architecture-patterns.pdf},
  isbn      = {978-1491971437}
}

@online{whatIsSwagger,
  author = {Swagger},
  year = 2019,
  title = {What Is Swagger?},
  url = {https://swagger.io/docs/specification/2-0/what-is-swagger/},
  urldate = {2019-08-12}
}

@online{uiDesignImportance,
  author = {Roman Berezhnoi},
  year = 2019,
  month = 4,
  title = {What Is UI design and why is it important?},
  url = {https://f5-studio.com/articles/what-is-user-interface-design-and-why-is-it-important/},
  urldate = {2019-08-19}
}